
@Article{RN28,
  author  = {Adami, Christoph and Schossau, Jory and Hintze, Arend},
  title   = {The reasonable effectiveness of agent-based simulations in evolutionary game theory},
  doi     = {10.1016/j.plrev.2016.11.005},
  issn    = {1571-0645},
  pages   = {38-42},
  url     = {https://dx.doi.org/10.1016/j.plrev.2016.11.005},
  volume  = {19},
  journal = {Physics of Life Reviews},
  type    = {Journal Article},
  year    = {2016},
}

@article{RN64,
   author = {Anderson, Carolyn J. and Wasserman, Stanley and Crouch, Bradley},
   title = {A p primer: logit models for social networks},
   journal = {Social networks},
   volume = {21},
   number = {1},
   pages = {37-66},
   ISSN = {0378-8733},
   DOI = {10.1016/S0378-8733(98)00012-4},
   year = {1999},
   type = {Journal Article}
}

@article{RN41,
   author = {Antonioni, Alberto and Sánchez, Angel and Tomassini, Marco},
   title = {Cooperation Survives and Cheating Pays in a Dynamic Network Structure with Unreliable Reputation},
   journal = {Sci Rep},
   volume = {6},
   number = {1},
   pages = {27160-27160},
   ISSN = {2045-2322},
   DOI = {10.1038/srep27160},
   year = {2016},
   type = {Journal Article}
}

@article{RN43,
   author = {Antonioni, Alberto and Tomassini, Marco},
   title = {Network fluctuations hinder cooperation in evolutionary games},
   journal = {PLoS One},
   volume = {6},
   number = {10},
   pages = {e25555-e25555},
   ISSN = {1932-6203},
   DOI = {10.1371/journal.pone.0025555},
   year = {2011},
   type = {Journal Article}
}

@article{RN51,
   author = {Antonioni, Alberto and Tomassini, Marco},
   title = {A growing social network model in geographical space},
   journal = {J. Stat. Mech},
   volume = {2017},
   number = {9},
   pages = {93403},
   ISSN = {1742-5468},
   DOI = {10.1088/1742-5468/aa819c},
   year = {2017},
   type = {Journal Article}
}

@article{RN89,
   author = {Axelrod, Robert},
   title = {More Effective Choice in the Prisoner's Dilemma},
   journal = {The Journal of conflict resolution},
   volume = {24},
   number = {3},
   pages = {379-403},
   ISSN = {0022-0027},
   DOI = {10.1177/002200278002400301},
   year = {1980},
   type = {Journal Article}
}

@article{RN55,
   author = {Barabasi, A. L. and Albert, R.},
   title = {Emergence of Scaling in Random Networks},
   journal = {Science},
   volume = {286},
   number = {5439},
   pages = {509-512},
   ISSN = {0036-8075},
   DOI = {10.1126/science.286.5439.509},
   year = {1999},
   type = {Journal Article}
}

@book{RN95,
   author = {Barabási, Albert-László and Pósfai, Márton},
   title = {Network science},
   publisher = {Cambridge University Press},
   address = {Cambridge, United Kingdom},
   ISBN = {1107076269
9781107076266},
   year = {2016},
   type = {Book}
}

@article{RN94,
   author = {Barrat, A. and Weigt, M.},
   title = {On the properties of small-world network models},
   journal = {The European physical journal. B, Condensed matter physics},
   volume = {13},
   number = {3},
   pages = {547-560},
   ISSN = {1434-6028},
   DOI = {10.1007/s100510050067},
   year = {2000},
   type = {Journal Article}
}

@article{RN53,
   author = {Barthelemy, Marc},
   title = {Spatial networks},
   journal = {Physics reports},
   volume = {499},
   number = {1},
   pages = {1-101},
   ISSN = {0370-1573},
   DOI = {10.1016/j.physrep.2010.11.002},
   year = {2011},
   type = {Journal Article}
}

@article{RN59,
   author = {Bianconi, G. and Barabási, A. L.},
   title = {Competition and multiscaling in evolving networks},
   journal = {Europhysics letters},
   volume = {54},
   number = {4},
   pages = {436-442},
   ISSN = {0295-5075},
   DOI = {10.1209/epl/i2001-00260-6},
   year = {2001},
   type = {Journal Article}
}

@book{RN79,
   author = {Bonanno, G.},
   title = {Game Theory (Open Access textbook with 165 solved exercises)},
   publisher = {eScholarship, University of California},
   year = {2015},
   type = {Book}
}

@article{RN45,
   author = {Brandt, H. and Hauert, C. and Sigmund, K.},
   title = {Punishment and reputation in spatial public goods games},
   journal = {Proc Biol Sci},
   volume = {270},
   number = {1519},
   pages = {1099-1104},
   ISSN = {0962-8452},
   DOI = {10.1098/rspb.2003.2336},
   year = {2003},
   type = {Journal Article}
}

@article{RN96,
   author = {Chen, Fei and Chen, Zengqiang and Wang, Xiufeng and Yuan, Zhuzhi},
   title = {The average path length of scale free networks},
   journal = {Communications in nonlinear science and numerical simulation},
   volume = {13},
   number = {7},
   pages = {1405-1410},
   ISSN = {1007-5704},
   DOI = {10.1016/j.cnsns.2006.12.003},
   year = {2008},
   type = {Journal Article}
}

@inbook{RN73,
   author = {da Silva, Roberto and Baraviera, Alexandre T. and Dahmen, Silvio R. and Bazzan, Ana L. C.},
   title = {Advances in Artificial Economics},
   publisher = {Springer Berlin Heidelberg},
   address = {Berlin, Heidelberg},
   volume = {584},
   pages = {221-233},
   ISBN = {0075-8442},
   DOI = {10.1007/3-540-37249-0_16},
   year = {2006},
   type = {Book Section}
}

@article{RN74,
   author = {Da Silva, Roberto and Guidi, Leonardo Fernandes and Baraviera, Alexandre},
   title = {MEAN FIELD APPROXIMATION FOR A STOCHASTIC PUBLIC GOODS GAME},
   journal = {International journal of bifurcation and chaos in applied sciences and engineering},
   volume = {20},
   number = {2},
   pages = {369-380},
   ISSN = {0218-1274},
   DOI = {10.1142/S021812741002582X},
   year = {2010},
   type = {Journal Article}
}

@inproceedings{RN97,
   author = {Das, Rohini and Goswami, Sayan and Konar, Amit},
   title = {Relationship between Nash Equilibria and Pareto Optimal Solutions for Games of Pure Coordination},
   publisher = {IEEE},
   DOI = {10.1109/icccnt45670.2019.8944817},
   url = {https://dx.doi.org/10.1109/icccnt45670.2019.8944817},
   type = {Conference Proceedings}
}

@article{RN75,
   author = {Dunia, López-Pintado},
   title = {The Spread of Free-Riding Behavior in a Social Network},
   journal = {Eastern economic journal},
   volume = {34},
   number = {4},
   pages = {464-479},
   ISSN = {0094-5056},
   DOI = {10.1057/eej.2008.30},
   year = {2008},
   type = {Journal Article}
}

@book{RN91,
   author = {Easley, David and Kleinberg, Jon},
   title = {Networks, crowds, and markets reasoning about a highly connected world},
   publisher = {Cambridge University Press},
   address = {New York},
   year = {2010},
   type = {Book}
}

@article{RN60,
   author = {Gabel, Alan and Redner, S.},
   title = {Sublinear but never superlinear preferential attachment by local network growth},
   journal = {J. Stat. Mech},
   volume = {2013},
   number = {2},
   pages = {P02043},
   ISSN = {1742-5468},
   DOI = {10.1088/1742-5468/2013/02/P02043},
   year = {2013},
   type = {Journal Article}
}

@article{RN46,
   author = {Ginsberg, Alexander G. and Fu, Feng},
   title = {Evolution of cooperation in public goods games with stochastic opting-out},
   journal = {Games},
   volume = {10},
   number = {1},
   pages = {1},
   ISSN = {2073-4336},
   DOI = {10.3390/g10010001},
   year = {2019},
   type = {Journal Article}
}

@article{RN44,
   author = {Gómez-Gardeñes, Jesús and Romance, Miguel and Criado, Regino and Vilone, Daniele and Sánchez, Angel},
   title = {Evolutionary games defined at the network mesoscale: The Public Goods game},
   journal = {Chaos},
   volume = {21},
   number = {1},
   pages = {016113-016113-10},
   ISSN = {1054-1500},
   DOI = {10.1063/1.3535579},
   year = {2011},
   type = {Journal Article}
}

@Article{RN47,
  author  = {Hauert, Christoph and De Monte, Silvia and Hofbauer, Josef and Sigmund, Karl},
  title   = {Replicator Dynamics for Optional Public Good Games},
  doi     = {10.1006/jtbi.2002.3067},
  issn    = {0022-5193},
  number  = {2},
  pages   = {187-194},
  volume  = {218},
  journal = {Journal of Theoretical Biology},
  type    = {Journal Article},
  year    = {2002},
}

@article{RN67,
   author = {Hauert, Christoph and De Monte, Silvia and Hofbauer, Josef and Sigmund, Karl},
   title = {Volunteering as Red Queen Mechanism for Cooperation in Public Goods Games},
   journal = {Science},
   volume = {296},
   number = {5570},
   pages = {1129-1132},
   ISSN = {0036-8075},
   DOI = {10.1126/science.1070582},
   year = {2002},
   type = {Journal Article}
}

@Article{RN72,
  author  = {Hauert, Christoph and Imhof, Lorens A.},
  title   = {Evolutionary games in deme structured, finite populations},
  doi     = {10.1016/j.jtbi.2011.06.010},
  issn    = {0022-5193},
  pages   = {106-112},
  volume  = {299},
  journal = {Journal of Theoretical Biology},
  type    = {Journal Article},
  year    = {2012},
}

@article{RN81,
   author = {Hofbauer, Josef and Sigmund, Karl},
   title = {Evolutionary game dynamics},
   journal = {Bulletin of the American Mathematical Society},
   volume = {40},
   number = {4},
   pages = {479-519},
   ISSN = {0273-0979},
   DOI = {10.1090/s0273-0979-03-00988-1},
   url = {https://dx.doi.org/10.1090/s0273-0979-03-00988-1},
   year = {2003},
   type = {Journal Article}
}

@book{RN56,
   author = {Hofstad, Remco van der},
   title = {Random Graphs and Complex Networks. Volume 1},
   publisher = {Cambridge University Press},
   address = {Cambridge},
   series = {Random Graphs and 
Complex Networks},
   ISBN = {9781316779422},
   year = {2016},
   type = {Book}
}

@InBook{RN23,
  author    = {Javarone, Marco},
  title     = {Evolutionary Games II: Applications},
  doi       = {10.1007/978-3-319-70205-6_4},
  isbn      = {2191-5326},
  pages     = {51-70},
  publisher = {Springer International Publishing},
  url       = {https://dx.doi.org/10.1007/978-3-319-70205-6_4},
  type      = {Book Section},
  year      = {2018},
}

@article{RN65,
   author = {Kim, Beom Jun and Trusina, Ala and Holme, Petter and Minnhagen, Petter and Chung, Jean S. and Choi, M. Y.},
   title = {Dynamic instabilities induced by asymmetric influence: Prisoners' dilemma game in small-world networks},
   journal = {Phys Rev E Stat Nonlin Soft Matter Phys},
   volume = {66},
   number = {2},
   pages = {021907/4-021907},
   ISSN = {1539-3755
1063-651X},
   DOI = {10.1103/PhysRevE.66.021907},
   year = {2002},
   type = {Journal Article}
}

@article{RN76,
   author = {Lamberson, P. J.},
   title = {Linking Network Structure and Diffusion Through Stochastic Dominance},
   journal = {SSRN Electronic Journal},
   ISSN = {1556-5068},
   DOI = {10.2139/ssrn.1479866},
   url = {https://dx.doi.org/10.2139/ssrn.1479866},
   year = {2009},
   type = {Journal Article}
}

@article{RN83,
   author = {Lenarda, Pietro and Gnecco, Giorgio and Riccaboni, Massimo},
   title = {Parameter estimation in a 3‐parameter p‐star random graph model},
   journal = {Networks},
   volume = {77},
   number = {3},
   pages = {403-420},
   ISSN = {0028-3045},
   DOI = {10.1002/net.21992},
   year = {2021},
   type = {Journal Article}
}

@Article{RN90,
  author  = {Lorberbaum, Jeffrey},
  title   = {No Strategy is Evolutionarily Stable in the Repeated Prisoner's Dilemma},
  doi     = {10.1006/jtbi.1994.1092},
  issn    = {0022-5193},
  number  = {2},
  pages   = {117-130},
  volume  = {168},
  journal = {Journal of Theoretical Biology},
  type    = {Journal Article},
  year    = {1994},
}

@article{RN42,
   author = {Lozano, Pablo and Antonioni, Alberto and Tomassini, Marco and Sánchez, Angel},
   title = {Cooperation on dynamic networks within an uncertain reputation environment},
   journal = {Sci Rep},
   volume = {8},
   number = {1},
   pages = {9093-9},
   ISSN = {2045-2322},
   DOI = {10.1038/s41598-018-27544-5},
   year = {2018},
   type = {Journal Article}
}

@article{RN29,
   author = {Menache, Ishai and Ozdaglar, Asuman},
   title = {Network Games: Theory, Models, and Dynamics},
   journal = {Synthesis Lectures on Communication Networks},
   volume = {4},
   number = {1},
   pages = {1-159},
   ISSN = {1935-4185},
   DOI = {10.2200/S00330ED1V01Y201101CNT009},
   url = {https://doi.org/10.2200/S00330ED1V01Y201101CNT009},
   year = {2011},
   type = {Journal Article}
}

@book{RN24,
   author = {Nau, Dana},
   title = {Introduction to Game Theory: Stochastic Games},
   publisher = {UMD},
   address = {UMD},
   url = {https://www.cs.umd.edu/users/nau/game-theory/8%20Stochastic%20games.pdf},
   year = {2021},
   type = {Book}
}

@article{RN93,
   author = {Newman, M},
   title = {The Structure and Function of Complex Networks},
   journal = {SIAM review},
   volume = {45},
   number = {2},
   pages = {167-256},
   ISSN = {0036-1445},
   DOI = {10.1137/S003614450342480},
   year = {2003},
   type = {Journal Article}
}

@book{RN57,
   author = {Newman, M. E. J.},
   title = {Networks : an introduction
Networks an introduction},
   publisher = {Oxford University Press},
   address = {Oxford
New York},
   ISBN = {9780199206650},
   year = {2010},
   type = {Book}
}

@article{RN63,
   author = {Nowak, Martin and Sigmund, Karl},
   title = {Games on Grids},
   journal = {International Institute for Applied Systems Analysis, Working Papers},
   year = {1999},
   type = {Journal Article}
}

@article{RN70,
   author = {Nowak, Martin A. and May, Robert M.},
   title = {Evolutionary games and spatial chaos},
   journal = {Nature (London)},
   volume = {359},
   number = {6398},
   pages = {826-829},
   ISSN = {0028-0836},
   DOI = {10.1038/359826a0},
   year = {1992},
   type = {Journal Article}
}

@article{RN48,
   author = {Peña, Jorge and Rochat, Yannick},
   title = {Bipartite graphs as models of population structures in evolutionary multiplayer games},
   journal = {PLoS One},
   volume = {7},
   number = {9},
   pages = {e44514-e44514},
   ISSN = {1932-6203},
   DOI = {10.1371/journal.pone.0044514},
   year = {2012},
   type = {Journal Article}
}

@book{RN78,
   author = {Rasmusen, Eric},
   title = {Games and information : an introduction to game theory},
   publisher = {Blackwell Pub.},
   address = {Malden, MA},
   edition = {4th ed.},
   ISBN = {9781405136662
1405136669},
   year = {2007},
   type = {Book}
}

@article{RN86,
   author = {Robins, Garry and Pattison, Pip and Kalish, Yuval and Lusher, Dean},
   title = {An introduction to exponential random graph ( p ) models for social networks},
   journal = {Social networks},
   volume = {29},
   number = {2},
   pages = {173-191},
   ISSN = {0378-8733},
   DOI = {10.1016/j.socnet.2006.08.002},
   year = {2007},
   type = {Journal Article}
}

@article{RN30,
   author = {Roos, Patrick and Carr, J and Nau, Dana},
   title = {Evolution of state-dependent risk preferences},
   journal = {ACM transactions on intelligent systems and technology},
   volume = {1},
   number = {1},
   pages = {1-21},
   ISSN = {2157-6904},
   DOI = {10.1145/1858948.1858954},
   year = {2010},
   type = {Journal Article}
}

@Article{RN26,
  author  = {Rosenthal, Jeffrey},
  title   = {Stochastic simulation of sequential game-theory voting models},
  doi     = {10.1080/03610918.2017.1335405},
  issn    = {0361-0918},
  number  = {7},
  pages   = {2040-2054},
  url     = {https://dx.doi.org/10.1080/03610918.2017.1335405},
  volume  = {47},
  journal = {Communications in Statistics - Simulation and Computation},
  type    = {Journal Article},
  year    = {2018},
}

@article{RN39,
   author = {Snijders, Tom  and van de Bunt, Gerhard  and Steglich, Christian},
   title = {Introduction to stochastic actor-based models for network dynamics},
   journal = {Social networks},
   volume = {32},
   number = {1},
   pages = {44-60},
   ISSN = {0378-8733},
   DOI = {10.1016/j.socnet.2009.02.004},
   year = {2010},
   type = {Journal Article}
}

@Article{RN27,
  author  = {Solan, Eilon and Vieille, Nicolas},
  title   = {Stochastic games},
  doi     = {10.1073/pnas.1513508112},
  issn    = {0027-8424},
  number  = {45},
  pages   = {13743-13746},
  url     = {https://dx.doi.org/10.1073/pnas.1513508112},
  volume  = {112},
  journal = {Proceedings of the National Academy of Sciences},
  type    = {Journal Article},
  year    = {2015},
}

@article{RN68,
   author = {Spiekermann, Kai P.},
   title = {Sort out Your Neighbourhood Public Good Games on Dynamic Networks},
   journal = {Synthese (Dordrecht)},
   volume = {168},
   number = {2},
   pages = {273-294},
   ISSN = {0039-7857},
   DOI = {10.1007/s11229-008-9424-5},
   year = {2009},
   type = {Journal Article}
}

@Article{RN99,
  author  = {Szabó, György and Fáth, Gábor},
  title   = {Evolutionary games on graphs},
  doi     = {10.1016/j.physrep.2007.04.004},
  issn    = {0370-1573},
  number  = {4-6},
  pages   = {97-216},
  url     = {https://dx.doi.org/10.1016/j.physrep.2007.04.004},
  volume  = {446},
  journal = {Physics Reports. A Review Section of Physics Letters},
  type    = {Journal Article},
  year    = {2007},
}

@article{RN66,
   author = {Szabó, György and Hauert, Christoph},
   title = {Evolutionary prisoner's dilemma games with voluntary participation},
   journal = {Phys Rev E Stat Nonlin Soft Matter Phys},
   volume = {66},
   number = {6},
   pages = {55-120},
   ISSN = {1539-3755
1063-651X
2470-0045},
   DOI = {10.1103/PhysRevE.66.062903},
   year = {2002},
   type = {Journal Article}
}

@article{RN80,
   author = {Taylor, Peter D. and Jonker, Leo B.},
   title = {Evolutionarily stable strategies and game dynamics},
   journal = {Mathematical biosciences},
   volume = {40},
   number = {1-2},
   pages = {145-156},
   ISSN = {0025-5564},
   DOI = {10.1016/0025-5564(78)90077-9},
   year = {1978},
   type = {Journal Article}
}

@Article{RN62,
  author  = {Tomassini, Marco and Antonioni, Alberto},
  title   = {Lévy flights and cooperation among mobile individuals},
  doi     = {10.1016/j.jtbi.2014.09.013},
  issn    = {0022-5193},
  pages   = {154-161},
  volume  = {364},
  journal = {Journal of Theoretical Biology},
  type    = {Journal Article},
  year    = {2015},
}

@article{RN49,
   author = {Tomassini, Marco and Antonioni, Alberto},
   title = {Computational behavioral models for public goods games on social networks},
   journal = {Games},
   volume = {10},
   number = {3},
   pages = {35},
   ISSN = {2073-4336},
   DOI = {10.3390/g10030035},
   year = {2019},
   type = {Journal Article}
}

@article{RN31,
   author = {Tomassini, Marco  and Antonioni, Alberto},
   title = {Public Goods Games on Coevolving Social Network Models},
   journal = {Frontiers in physics},
   volume = {8},
   ISSN = {2296-424X},
   DOI = {10.3389/fphy.2020.00058},
   year = {2020},
   type = {Journal Article}
}

@article{RN50,
   author = {Tomassini, Marco and Antonioni, Alberto},
   title = {Computational behavioral models in public goods games with migration between groups},
   journal = {J.Phys.Complex},
   volume = {2},
   number = {4},
   pages = {45013},
   ISSN = {2632-072X},
   DOI = {10.1088/2632-072X/ac371b},
   year = {2021},
   type = {Journal Article}
}

@article{RN82,
   author = {Tucker, A. W.},
   title = {The Mathematics of Tucker: A Sampler},
   journal = {The Two-Year College Mathematics Journal},
   volume = {14},
   number = {3},
   pages = {228},
   ISSN = {0049-4925},
   DOI = {10.2307/3027092},
   url = {https://dx.doi.org/10.2307/3027092},
   year = {1983},
   type = {Journal Article}
}

@article{RN84,
   author = {van der Pol, Johannes},
   title = {Introduction to Network Modeling Using Exponential Random Graph Models (ERGM): Theory and an Application Using R-Project},
   journal = {Computational economics},
   volume = {54},
   number = {3},
   pages = {845-875},
   ISSN = {0927-7099},
   DOI = {10.1007/s10614-018-9853-2},
   year = {2018},
   type = {Journal Article}
}

@article{RN22,
   author = {Van Leeuwen, Eveline and Lijesen, Mark},
   title = {Agents playing Hotelling’s game: an agent-based approach to a game theoretic model},
   journal = {The Annals of Regional Science},
   volume = {57},
   number = {2-3},
   pages = {393-411},
   ISSN = {0570-1864},
   DOI = {10.1007/s00168-015-0711-z},
   url = {https://dx.doi.org/10.1007/s00168-015-0711-z
https://kp-pdf.s3.amazonaws.com/8e3cbdc1-6ae3-45b0-84e0-be37c7cb7be4.pdf?X-Amz-Algorithm=AWS4-HMAC-SHA256&X-Amz-Credential=AKIAUROH2NUQSIQZIEG4%2F20210920%2Fus-east-1%2Fs3%2Faws4_request&X-Amz-Date=20210920T103827Z&X-Amz-Expires=600&X-Amz-SignedHeaders=host&X-Amz-Signature=1aab064019c2e66d47f55cd8920c4d2cc45fd858c7ffb19e34e7eee5579cba86},
   year = {2016},
   type = {Journal Article}
}

@article{RN58,
   author = {Watts, Duncan J. and Strogatz, Steven H.},
   title = {Collective dynamics of 'small-world9 networks},
   journal = {Nature (London)},
   volume = {393},
   number = {6684},
   pages = {440-442},
   ISSN = {0028-0836},
   DOI = {10.1038/30918},
   year = {1998},
   type = {Journal Article}
}

@article{RN77,
   author = {Weber, S. and Porto, M.},
   title = {Efficiency based strategy spreading in the prisoner’s dilemma game},
   journal = {The European physical journal. B, Condensed matter physics},
   volume = {69},
   number = {4},
   pages = {599-603},
   ISSN = {1434-6028},
   DOI = {10.1140/epjb/e2009-00177-4},
   year = {2009},
   type = {Journal Article}
}

@article{RN71,
   author = {Zhang, C. Y. and Zhang, J. L. and Xie, G. M. and Wang, L.},
   title = {Coevolving agent strategies and network topology for the public goods games},
   journal = {The European physical journal. B, Condensed matter physics},
   volume = {80},
   number = {2},
   pages = {217-222},
   ISSN = {1434-6028},
   DOI = {10.1140/epjb/e2011-10470-2},
   year = {2011},
   type = {Journal Article}
}
